2221 2836
337 125 391 155 ιο
872 99 1377 158 “Q-⁵³2⁴·-

334 220 430 280 quio
459 212 646 260 imitando
673 212 832 273 aliisque
862 211 910 256 ad
938 211 1220 273 perlegendum
1248 214 1464 273 proposito.
1525 211 1718 273 Equidem
1750 210 1901 271 semper

331 300 484 354 putaui,
510 292 715 335 discrimen
744 291 819 335 effe
848 291 1070 336 faciendum
1098 295 1199 334 inter
1225 307 1316 343 eos,
1343 297 1408 351 qui
1429 292 1672 350 colloquium
1692 291 1901 339 instituant,

331 388 367 418 er
395 377 493 416 inter
518 374 615 422 lios,
649 374 715 431 qui
742 369 781 414 id
814 369 890 415 flue
916 369 1070 414 audiant
1099 368 1178 414 fine
1208 369 1353 429 legant.
1446 369 1726 430 Colloqueutes
1755 384 1830 411 nee
1854 364 1902 410 ad

330 450 569 503 audientem,
590 465 662 491 nec
682 449 729 490 ad
752 450 964 508 legentem,
982 447 1045 490 fed
1066 446 1111 489 ad
1132 447 1169 490 fe
1187 448 1464 492 tantummodo
1491 448 1696 508 respiciunt
1711 451 1764 502 ὀ“).
1829 448 1901 488 So·

329 541 449 572 crates
472 541 507 570 et
529 531 654 579 Crito,
685 544 775 570 cum
805 531 905 570 inter
930 525 968 570 se
992 526 1328 585 colloquerentur,
1353 526 1400 569 ad
1418 531 1617 570 neminem
1638 524 1899 585 respiciebant,

330 622 425 659 nee,
455 610 542 665 quia
561 619 710 664 praeter
728 603 829 663 ipsos
849 609 888 647 in
907 604 1078 648 custodia
1099 621 1221 647 nemo
1239 604 1381 653 aderat,
1404 603 1590 662 respicere
1611 616 1808 662 poterant,
1830 602 1898 646 nili

329 684 376 728 ad
404 683 638 744 semetipsos.
709 682 929 727 Confilium
958 697 1086 726 autem
1116 695 1216 734 erat,
1257 687 1297 725 in
1329 681 1391 736 id,
1431 682 1537 742 quod
1568 685 1681 726 Crito
1710 682 1898 733 voluerat,

329 761 541 806 custodiam
564 760 701 805 scilicet
728 759 804 805 esse
829 760 1093 811 deserendam,
1119 765 1329 821 inquirere,
1356 775 1485 805 vtrum
1509 763 1588 804 hoc
1617 759 1726 804 saluis
1753 760 1899 820 legibus

329 825 417 884 ficri
431 840 580 900 posset,
612 856 685 883 nec
705 856 753 882 ne
766 871 777 890 ‚
797 853 923 883 virum
944 841 1090 898 legibus
1109 839 1197 882 effer
1218 840 1481 882 obediendum
1510 853 1546 882 ct
1564 855 1673 882 mors
1692 838 1898 887 subeunda,

331 935 378 961 au
409 919 512 978 leges
540 916 876 976 transgrediendae
905 916 1073 976 fugaque
1103 922 1176 960 vita
1203 916 1410 960 seruanda?
1472 916 1548 960 Sed
1568 916 1672 959 aliud
1692 916 1896 960 confilium

329 997 497 1040 Platonis
518 996 613 1038 illud
634 996 878 1054 colloquium
901 999 1085 1038 imitantis
1107 994 1182 1039 'esse
1201 995 1355 1049 debuit,
1374 1012 1463 1038 cum
1486 994 1522 1037 id
1546 995 1677 1039 litteris
1697 994 1896 1054 consigna-

326 1088 382 1118 ret
402 1078 693 1134 memoriaeque
714 1073 986 1127 demandarem
1017 1073 1239 1134 respiciebat
1257 1078 1321 1118 hic.
1340 1076 1386 1117 ad
1410 1075 1596 1126 letfiores,
1623 1090 1791 1134 quorum
1809 1089 1895 1117 cau·

325 1152 363 1201 sa
382 1152 621 1214 potiffimum
643 1153 777 1196 litteris
804 1153 1062 1212 confignabar.
1126 1152 1245 1214 Qod
1277 1157 1394 1212 igitur
1412 1154 1577 1196 Platonis
1604 1151 1793 1212 scriptoris
1821 1150 1895 1194 fuit

326 1231 555 1283 confilium,
584 1231 740 1274 ledioris
769 1230 843 1274 effe
867 1230 979 1273 debet
1000 1234 1278 1276 Vriri‘rAs.
1341 1233 1406 1275 Est
1434 1244 1563 1275 aurem
1589 1231 1750 1283 vtilitas,
1776 1247 1893 1290 quam

327 1307 439 1352 affert
460 1308 661 1368 dialogus,
688 1311 807 1363 haec,
835 1323 873 1352 vt
892 1314 977 1362 via,
1003 1325 1077 1368 qua
1102 1314 1264 1368 quisque
1291 1310 1602 1369 colloquentium
1632 1312 1827 1369 perueniat
1846 1307 1893 1351 ad

325 1390 543 1437 veritatem,
570 1402 697 1446 neque
719 1402 813 1429 vero
839 1385 921 1429 sola
939 1391 1074 1430 veritas
1101 1399 1300 1446 comperta
1327 1386 1418 1443 (das
1437 1385 1605 1430 Resultat
1622 1386 1690 1430 der
1705 1384 1893 1430 Uutersu·

327 1467 480 1525 chuug)
503 1464 749 1508 monstretur.
786 1464 932 1509 Nostro
962 1469 1002 1509 in
1020 1464 1179 1526 dialogo
1197 1464 1370 1509 videmus
1390 1469 1507 1515 viam,
1524 1481 1598 1524 qua
1615 1454 1789 1509 &oct-ates
1808 1481 1892 1525 per-

326 1548 430 1587 venit
442 1544 496 1588 ‚ad
515 1544 629 1595 illam
641 1542 866 1586 sententiam
887 1543 1148 1594 statuendam,
1167 1548 1328 1587 ciuitatis
1346 1544 1493 1603 legibus
1512 1541 1585 1586 esse
1605 1542 1890 1587 obediendumt

324 1620 437 1664 dubia
456 1638 493 1665 et
513 1637 611 1681 quae
634 1625 804 1666 omnino
826 1624 918 1664 huic
937 1621 1144 1665 sententiae
1164 1621 1449 1682 impedimento
1467 1619 1540 1664 esse
1566 1621 1742 1681 possunt,
1766 1637 1786 1664 a
1806 1624 1892 1665 cm

323 1712 417 1743 tone
442 1699 715 1761 proferuntur,
741 1699 804 1743 sed
833 1700 1040 1759 quomodo
1066 1699 1232 1760 superari
1254 1684 1397 1761 ooffint
1421 1716 1466 1744 ac
1484 1700 1645 1744 debeant
1665 1705 1736 1755 ita,
1762 1714 1799 1744 vt
1827 1701 1889 1745 fir-

321 1794 387 1823 ma
405 1777 474 1821 sset
494 1777 700 1831 sententia,
730 1790 768 1821 et
790 1791 830 1821 vt
857 1795 928 1822 nos
948 1795 1106 1840 quoque
1125 1783 1227 1823 hanc
1254 1780 1417 1841 probare
1435 1778 1693 1839 ampled‘iique
1712 1780 1890 1831 velimus,

320 1857 484 1901 docetur
500 1874 520 1900 a
541 1860 722 1909 Socrate5
749 1873 828 1916 quo
846 1857 912 1909 fir,
939 1871 978 1901 vt
995 1856 1078 1901 fere
1102 1863 1265 1919 quisque
1283 1858 1347 1902 fibi
1368 1857 1416 1902 de
1436 1861 1548 1901 huius
1567 1857 1774 1902 sententiae
1792 1861 1888 1901 veri-

318 1948 394 1979 tate
412 1934 656 1995 persuade-at,
677 1953 756 1995 quo
776 1940 899 1995 magis
918 1936 995 1995 ipse
1021 1936 1274 1997 perspexerit,
1298 1953 1372 1997 qua
1390 1940 1449 1979 via
1467 1940 1563 1980 haec
1580 1936 1629 1981 fit⁴
1642 1948 1738 1980 orta.
1781 1938 1887 1979 Cum

317 2025 450 2056 autem
468 2015 533 2056 hic
550 2012 724 2074 dialogus
744 2013 856 2057 fimul
884 2014 927 2057 fit
947 2013 1140 2068 scenicus5
1170 2015 1264 2067 flue,
1294 2028 1332 2058 vt
1349 2014 1458 2076 supra
1474 2014 1576 2065 dixi,
1594 2011 1887 2073 philosophico·

315 2090 511 2146 scenicus,
547 2095 648 2135 hanc
673 2107 831 2152 quoque
857 2097 1090 2152 percipimus
1114 2094 1339 2144 vtilitatem,
1364 2107 1405 2138 vt
1434 2093 1483 2138 de
1508 2094 1684 2137 moribus
1716 2094 1885 2137 Socratis

315 2172 454 2217 fedius
481 2171 656 2220 iudicare
680 2166 868 2232 poffimus
895 2171 1021 2233 deque
1045 2176 1126 2217 eius
1153 2173 1379 2220 conditione
1405 2186 1575 2225 externa,
1607 2188 1677 2219 cur
1701 2172 1818 2217 talem
1844 2170 1885 2217 se

1731 2251 1885 2313 praestiq

412 2375 450 2421 ⁶)
474 2377 519 2417 tf.
547 2377 730 2430 Engell.1.
750 2392 786 2431 p.
806 2389 894 2430 232.
912 2387 999 2429 252.
1018 2387 1106 2429 255.
