2221 2836
807 91 1307 156 Q&
1781 120 1834 161 31

269 192 592 264 Tchne's'rog..
650 210 824 250 Socrates
846 221 959 261 tunc,
989 219 1028 249 vt
1054 222 1074 247 e
1093 222 1172 264 cap.
1194 209 1294 248 XIV.
1318 209 1486 260 constat,
1518 207 1755 268 septuaginta
1776 228 1841 254 an·

388 304 460 331 nos
480 302 585 330 uatus
605 302 693 330 crat.
759 285 920 340 Causas,
948 302 1017 327 cur
1036 288 1211 326 Socrates
1242 302 1324 327 non
1345 303 1547 330 moueatur
1567 302 1720 340 morte,
1752 288 1837 332 red·

386 366 440 408 dit
462 370 566 410 Plato
586 367 696 411 duas:
725 372 773 417 oe.)
788 365 1180 424 propterfinecsiutem
1202 366 1250 420 (ἦ
1273 365 1406 417 ἡλικία
1434 369 1473 408 h.
1494 367 1520 409 l.
1546 357 1601 411 cf.
1622 373 1737 411 etiam
1757 375 1834 414 Xe·

387 448 503 505 noph.
528 448 652 489 Mem.
674 449 736 488 IV.
762 461 855 488 vm.
876 446 925 499 1.)
957 459 1062 486 mors
1080 460 1160 486 non
1181 444 1231 487 es}
1261 443 1442 503 fugienda
1472 462 1595 506 neque
1622 453 1696 490 vita
1717 464 1830 509 expe-

388 527 526 574 tenda,
558 524 726 567 senectus
753 529 855 567 enim
888 524 939 567 est
967 527 1134 566 maxima
1163 524 1360 574 molestia,
1390 524 1440 567 de
1467 542 1538 583 qua
1558 525 1634 585 ipse
1654 530 1829 571 Socrates

380 609 539 665 exponit
567 609 605 647 iu
622 607 799 663 Xenoph.
826 607 951 646 Mem.
976 606 1037 645 [V.
1060 618 1147 645 vm.
1170 612 1207 656 8.
1240 616 1277 645 et
1305 607 1346 646 in
1365 606 1543 663 Xenoph.
1565 606 1685 664 Apol.
1706 607 1745 665 §.
1769 621 1826 660 27.

380 686 429 740 β)
455 670 610 744 propter
641 685 919 731 innocentiam,
952 681 1087 723 iniuste
1116 686 1220 723 enim
1250 695 1419 725 mortem
1449 688 1525 741 pati
1554 689 1731 743 cogitur,
1773 687 1825 728 cf.

376 768 575 808 c.XV1..et
594 763 774 819 Xenoph.
799 764 924 803 Mem.
946 762 1009 803 IV.
1033 775 1117 802 vm.
1139 776 1176 813 9.
1209 773 1245 801 et
1266 761 1400 803 nosiro
1418 764 1459 802 iu
1479 761 1639 820 dialogo
1662 780 1694 806 c.
1723 766 1824 807 XVI.

374 846 479 886 Eum
496 846 571 882 iam
588 851 697 880 antea
713 841 885 883 amortis
902 836 1186 885 metuvaeaffe,
1206 853 1226 877 e
1245 838 1416 894 proeliis,
1427 855 1522 895 quae
1545 841 1823 895 inivit,elucet,

378 918 430 965 cf.
452 919 544 963 Plar.
566 916 682 977 Apol.
705 919 818 960 XVII.
882 916 990 973 Quae
1020 926 1147 957 autem
1178 913 1224 957 de
1252 928 1381 958 morte
1400 916 1489 959 alias
1510 916 1737 978 disputauit,
1765 922 1824 963 his

374 1001 541 1043 breuiter
573 1000 842 1039 continentur..
900 996 1003 1036 Cum
1034 1009 1175 1052 corpus
1206 997 1380 1036 animum
1417 1000 1611 1052 perturbet
1649 1013 1821 1057 eumque

367 1076 580 1138 {rupedian
630 1090 710 1134 quo
740 1078 868 1116 minus
905 1071 1111 1131 sapientiae
1135 1071 1306 1115 studeat:
1349 1073 1519 1129 (Phaed.
1540 1076 1667 1129 XXI.)
1696 1093 1821 1130 mors,

370 1174 466 1218 quae
486 1155 536 1199 ess
557 1155 731 1196 liberatio
751 1156 871 1204 animi
898 1168 917 1193 a
945 1150 1328 1209 corpore·‚,(Phaed..
1345 1154 1436 1208 IX.)
1468 1168 1550 1194 non
1570 1155 1622 1196 est
1643 1168 1821 1198 metuen-

366 1234 718 1294 da‚(Apol.XVH.)
750 1235 876 1273 immo
896 1243 1078 1289 tanquam
1099 1233 1313 1271 maximum
1336 1230 1484 1273 bonum
1494 1232 1633 1291 (Apol.
1646 1234 1817 1290 XXXII.)

367 1317 568 1375 sapientiae
586 1315 809 1367 virtutisque
831 1308 998 1351 studioso
1025 1308 1252 1365 expetenda.
1280 1309 1450 1363 (phaed.
1471 1312 1563 1361 XL)
1627 1313 1757 1370 Qiare
1778 1327 1815 1356 et

366 1411 472 1441 nunc
498 1408 580 1435 non
611 1401 907 1433 commonetur..
974 1385 1175 1430 Accedunt
1201 1399 1350 1445 praeter
1373 1386 1456 1431 illas
1484 1386 1576 1431 duas
1610 1404 1629 1431 a
1654 1390 1822 1434 Platone.

365 1475 500 1518 nostro
532 1475 572 1513 in
600 1467 757 1528 dialogo
784 1465 909 1508 causas
941 1465 1077 1507 alfara*
1102 1476 1145 1506 er
1169 1467 1271 1508 hae:
1298 1469 1442 1524 genius»
1463 1483 1600 1521 meus,
1624 1482 1665 1511 vt
1690 1471 1822 1513 aiebat:

364 1553 483 1608 (Plat.
499 1549 618 1609 Apol.⁴
632 1551 750 1591 XVII.
774 1547 909 1590 XXXi.
932 1545 1183 1600 XXXVIII.)
1208 1560 1280 1587 me
1292 1560 1381 1587 nom
1395 1550 1602 1605 auocauit3
1632 1565 1739 1592 mors
1757 1548 1819 1593 esti

363 1647 426 1677 aut
455 1629 611 1674 somnus
639 1640 812 1670 aeternus
839 1624 1020 1683 idemque
1051 1623 1172 1666 duleis
1201 1623 1336 1682 (Apol.
1358 1627 1528 1680 xxxn.)
1557 1627 1738 1686 nullaque
1765 1644 1816 1671 re·

361 1709 624 1773 perturbatus,
649 1709 742 1749 hinc
770 1722 852 1748 non
879 1701 1181 1755 extimescenda5
1214 1715 1277 1745 aut
1300 1707 1481 1762 migratio
1505 1708 1546 1747 in
1569 1705 1701 1749 locum
1723 1722 1811 1750 me·-

357 1793 523 1838 liorem,
555 1789 648 1828 hinc
682 1789 852 1826 maxime
880 1781 1065 1839 optanda.
1085 1781 1222 1839 (Apol.
1240 1785 1414 1837 XXXII.)
1478 1784 1641 1827 Accedit
1659 1790 1803 1844 ¹etiam,

357 1866 465 1930 quod
492 1869 663 1913 animus,
697 1878 785 1905 cum
811 1861 853 1905 fit
884 1859 1118 1903 immortalis
1153 1859 1319 1913 (Phaed.
1343 1863 1479 1905 XVIII.
1508 1864 1583 1905 LV
1611 1845 1653 1906 et
1681 1864 1798 1922 Apol.

355 1948 505 1996 xxxn.
530 1943 577 1985 ad
597 1942 685 1992 fin.)
725 1952 880 1999 propter
912 1941 1059 1980 virtutis
1085 1936 1251 1979 studium
1279 1936 1326 1979 ad
1366 1936 1631 1982 felicissimum
1660 1940 1797 1985 locum

355 2025 547 2086 migrabit.
578 2017 903 2077 (Phaed.LXlI.)
994 2017 1263 2075 Quamobrem
1311 2032 1442 2077 aequo.
1474 2021 1609 2062 animo
1645 2017 1800 2063 senten--

353 2110 449 2151 t'tam
471 2100 674 2163 capitalem
695 2096 835 2143 ferebat
852 2099 1027 2148 Socrates
1043 2099 1257 2157 (Xenoph.
1280 2097 1396 2158 Apol.
1421 2099 1458 2157 §.
1477 2099 1555 2154 27.)
1575 2100 1795 2158 eodemque
1849 2100 1854 2107 *

351 2188 486 2230 animo
515 2194 617 2233 erat,
646 2195 735 2223 cum
761 2176 1116 2229 vndecimvirornm
1147 2176 1320 2220 minister
1348 2181 1383 2220 ei
1412 2193 1602 2221 venenum
1632 2175 1706 2220 esse
1736 2179 1792 2220 bi-

347 2264 521 2307 bendum
540 2260 812 2307 denunciaret,
830 2255 997 2313 (phaed.
1017 2272 1050 2300 c.
1062 2258 1199 2307 LXV.)
1226 2269 1264 2298 et
1291 2256 1339 2299 fic
1370 2260 1485 2300 etiam
1510 2255 1565 2299 sui
1584 2273 1667 2300 non
1687 2255 1798 2299 diffi-

350 2342 453 2390 milis
469 2355 663 2385 venenum
679 2334 806 2400 ipsum
823 2335 929 2385 bibit.
956 2338 976 2393 (
986 2333 1124 2382 Phaed.
1143 2336 1296 2392 LXVI.)
1652 2386 1657 2393 τ

1626 2412 1795 2460 ἐπιλύε-
