2221 2836
317 148 343 190 6
852 136 1358 199 mefflffiffeou·

316 259 392 301 fert
419 255 643 299 sententiam
667 269 837 314 negans,
867 253 905 297 se
934 252 1041 313 poffe
1067 270 1088 297 e
1116 254 1287 300 custodia
1315 254 1509 316 ‹ffttgere3
1549 258 1661 301 Crito
1686 270 1820 317 rogat,
1849 273 1890 304 vt

316 335 382 380 fibi
404 328 656 393 obtemperet,
691 332 993 394 sententiamque
1018 338 1255 394 argumentis
1276 338 1510 380 confirmare
1534 335 1678 391 ssudet;
1712 340 1902 381 Socrates.

317 416 553 472 argumentis
581 412 685 454 illius
713 411 885 456 refutatis
912 411 972 455 sua
1001 411 1174 471 profert.
1209 413 1347 475 fugam
1377 419 1561 458 nimirum
1590 415 1748 459 iuslitiae
1777 433 1889 475 repu-

316 507 433 549 gnare
460 494 701 550 ciuitatisque
727 491 896 550 legibus,
927 489 962 533 se
990 495 1120 549 potius
1152 496 1206 534 rei
1236 494 1410 551 publicae
1442 494 1590 552 legibus
1617 494 1803 549 obedire,
1826 495 1890 536 ad-

315 586 442 630 eoque
464 567 584 630 ipsam
610 583 781 613 mortem
800 569 925 614 subire
945 569 1095 612 debere.
1130 572 1242 626 Quae
1264 570 1348 615 sunt
1370 589 1508 615 omnes
1529 576 1697 617 actiones
1719 578 1757 617 in
1781 591 1889 616 men-

314 661 353 692 te
372 665 477 692 nunc
506 652 801 707 contingentes,
828 665 991 710 quarum
1012 664 1084 691 vna
1105 650 1264 693 alteram
1285 649 1494 711 produxit,
1520 667 1682 711 quarum
1704 669 1776 695 vna
1804 651 1889 706 snb-

317 730 390 772 lata
418 730 533 772 altera
554 727 678 771 adeffe
702 746 782 771 non
802 730 948 789 potest,
972 745 1075 787 quae
1099 742 1229 778 autem
1255 729 1301 771 ad
1321 743 1522 772 externam
1549 729 1818 775 conditionem
1847 731 1888 774 id
1932 788 1938 794 .

319 806 540 857 conferunt,
563 820 600 851 vt
628 812 669 851 in
695 807 867 852 custodia
888 822 1039 851 maneat
1062 822 1313 867 mortemque
1332 807 1459 852 subeat
1479 807 1612 868 ipsam.

440 975 485 1013 In
516 968 651 1028 quibus
678 966 790 1009 fimut
824 966 850 1010 S
866 982 890 1007 v
907 981 929 1008 c
944 981 966 1008 c
982 981 1003 1008 ε
1022 981 1038 1007 s
1054 981 1071 1007 s
1086 981 1113 1007 v
1127 982 1159 1007 M
1192 968 1223 1007 A
1242 981 1264 1008 c
1282 981 1308 1008 τ
1326 980 1415 1009 toN
1429 981 1440 1007 1
1453 981 1470 1007 s
1485 997 1497 1014 ‚
1528 969 1707 1008 virtutem
1730 964 1894 1025 dialogo

318 1047 586 1098 necessariam,
615 1043 897 1104 conspicimus,
926 1047 991 1101 qui
1018 1047 1056 1085 in
1075 1045 1153 1085 hoc
1171 1043 1316 1103 positus
1335 1043 1407 1085 cll:
1438 1056 1476 1087 vt
1500 1043 1696 1086 videamus
1717 1045 1888 1087 a<ftioncs

317 1146 365 1173 ex
382 1126 696 1171 antecedentibus
715 1124 817 1166 haud
836 1127 1045 1182 interrupte
1065 1126 1173 1172 oriri,
1194 1127 1341 1182 priores
1361 1121 1463 1182 sequi
1477 1122 1728 1181 posteriores5
1748 1136 1785 1165 vt
1804 1140 1888 1183 per-

320 1207 548 1269 spiciamus,
574 1203 777 1264 quomodo
803 1217 876 1245 vna
904 1204 1017 1244 notio
1044 1200 1206 1245 alteram
1231 1200 1440 1260 producat,
1472 1216 1543 1244 vna
1563 1205 1777 1245 enuntiatio
1796 1202 1888 1245 alte-

318 1303 402 1330 ram
423 1298 486 1327 aut
505 1283 614 1326 tollat
634 1294 696 1324 aut
714 1279 912 1339 suscipiat3
933 1292 970 1321 vt
989 1295 1153 1321 omnem
1167 1278 1367 1321 videamus
1385 1283 1507 1328 viam,
1526 1296 1600 1338 qna
1620 1280 1888 1339 colloquentes

317 1364 363 1407 ad
382 1367 480 1406 hauc
497 1362 651 1404 illamve
669 1375 753 1403 rem
769 1358 1077 1416 sententiamque
1093 1362 1285 1401 venerint.
1342 1360 1385 1399 In
1408 1357 1571 1416 dialogis
1592 1357 1889 1417 philosophicis,

320 1442 365 1486 ad
388 1457 489 1502 quos
508 1438 677 1483 Platonis
697 1437 855 1497 plurimi
875 1434 1066 1479 referendi
1089 1435 1187 1486 sunt,
1208 1434 1390 1478 successus
1409 1437 1573 1479 aelionis
1593 1435 1704 1478 simul
1725 1437 1776 1479 est
1796 1454 1888 1496 pro-

320 1520 461 1582 gress'us
479 1516 753 1578 disquisitionis
771 1517 995 1574 (Fortgang
1014 1514 1082 1558 det·
1097 1513 1313 1574 Handlung
1332 1514 1376 1556 ist
1389 1516 1589 1573 ‘Fortgang
1611 1518 1649 1556 in
1669 1519 1737 1557 der
1747 1519 1891 1559 Umer-

322 1600 526 1658 fuchung.)
592 1596 770 1639 Aet-ionis
791 1591 999 1637 successum
1019 1606 1055 1635 et
1075 1592 1209 1636 noslro
1230 1596 1270 1634 in
1291 1591 1448 1653 dialogo
1470 1597 1652 1653 reperiri,
1683 1610 1801 1637 nemo
1825 1611 1891 1637 ne-

319 1679 436 1739 gabit.
498 1678 640 1718 Omnis
660 1675 866 1717 adiionum
884 1671 995 1715 feries
1012 1673 1111 1715 bene
1128 1674 1311 1714 cohaeret
1331 1675 1403 1722 ita,
1422 1684 1467 1714 vt·
1480 1673 1594 1714 altera
1614 1671 1752 1715 sublata
1773 1673 1890 1717 altera

318 1757 413 1800 stare
436 1766 616 1815 nequeat,
643 1750 781 1813 (quod
799 1749 957 1811 quidem
976 1753 1162 1794 Ciceroni
1185 1754 1312 1793 minus
1326 1749 1529 1810 processu)
1547 1754 1588 1807 ¹)
1617 1768 1688 1795 vna
1705 1749 1891 1795 sententia

318 1837 478 1879 alteram
500 1833 610 1875 facile
631 1830 817 1892 protulit,
844 1834 1051 1889 omnisque
1071 1828 1282 1889 disquisitio
1295 1830 1403 1872 nulla
1424 1846 1485 1882 re,
1504 1832 1549 1872 ab
1572 1831 1743 1874 instituto
1775 1844 1893 1891 atque

318 1914 482 1970 conlilio
502 1912 615 1974 plane
642 1911 779 1961 aliena,
795 1909 1011 1970 perturbata
1041 1907 1106 1952 est.
1171 1910 1297 1963 Crito,
1324 1907 1481 1953 'summo
1502 1927 1618 1953 mane
1630 1914 1828 1956 Socratem
1850 1914 1894 1955 io

317 1992 487 2038 custodia
506 1991 636 2034 adiens
655 1993 770 2048 eique
796 1992 1026 2031 annuntians
1045 1993 1126 2045 **),
1155 2005 1248 2031 mox
1269 1991 1334 2048 ipsi
1360 1989 1434 2031 effe
1463 1990 1735 2038 moriendum,
1762 1988 1890 2031 suadet

320 2089 341 2116 e
358 2069 530 2115 custodia
554 2065 822 2125 effugiendum
842 2069 984 2125 (cap.I.
1002 2080 1039 2108 et
1057 2070 1137 2119 IL),
1157 2069 1250 2110 haec
1270 2067 1470 2127 proferens
1490 2080 1736 2125 argumenta:
1762 2066 1799 2110 se
1828 2072 1890 2109 in-

319 2151 474 2195 felicem
495 2144 584 2191 fore
604 2155 741 2205 erepto
758 2146 902 2192 amico,
921 2147 1039 2205 inque
1058 2146 1198 2190 malam
1211 2160 1421 2190 venturum
1443 2144 1517 2190 esse
1535 2149 1766 2207 opiniOnem
1789 2145 1891 2206 apud

322 2229 534 2290 populum,
554 2241 600 2270 ac
618 2224 646 2269 fi
664 2240 755 2269 eum
776 2221 925 2270 seruare
943 2221 1135 2284 potuisset,
1151 2224 1227 2268 niti
1247 2241 1385 2270 auarus
1397 2223 1523 2269 fuisset
1541 2237 1655 2285 atque
1671 2225 1888 2285 negligens.

1766 2306 1891 2350 Plebis

367 2380 408 2423 ὓ)
436 2379 482 2413 cf·
511 2379 633 2428 Engels
652 2376 824 2415 Abhandl·
849 2390 885 2427 p.
904 2387 990 2426 217.
1013 2380 1100 2423 218.

372 2443 436 2487 w)
463 2444 563 2487 Quae
588 2442 635 2480 cst
659 2443 768 2483 totius
788 2439 921 2489 dialogi
944 2441 1081 2479 summa
1094 2448 1197 2490 atque
1215 2438 1387 2484 ὅικονομίιι.
