2221 2836
821 99 1318 165 Qfflffiffl‘·
1826 117 1853 165 1

287 226 410 270 Plebis
423 229 651 285 opinionem
671 239 752 265 non
771 223 844 266 esse
864 221 1135 281 respiciendam
1154 217 1356 279 respondet
1369 220 1559 270 Socrates,
1578 220 1688 280 qnod
1706 231 1853 268 autem,

285 322 375 349 cuin
394 305 530 364 vulgus
551 305 672 346 homi:
691 318 730 346 es
749 300 922 345 infelices
941 300 1100 344 reddere
1116 298 1227 360 poffit
1240 332 1250 350 ‚
1281 312 1442 358 negatur
1461 315 1481 341 a
1498 301 1688 352 Critone,
1716 299 1763 343 ab
1779 298 1851 343 illo

283 397 411 426 autem
433 381 565 424 denuo
586 381 807 424 affirmatur.
826 383 878 437 (c.
893 382 974 434 111.)
1038 377 1218 431 fortasse,
1238 394 1263 421 ο
1282 380 1480 427 Socrates,
1497 379 1608 422 nobis
1628 383 1764 430 times,
1785 393 1849 430 ne,

286 462 312 504 fi
334 464 425 503 hinc
445 459 628 511 euaseris,
657 476 730 501 nos
751 464 804 501 tni
826 457 929 501 cansa
950 461 1166 516 puniamur.
1229 459 1304 499 Sed
1333 470 1369 498 te
1402 457 1562 498 liberare
1591 457 1766 514 nostrum
1797 456 1851 499 est

286 539 486 591 officinm,
525 555 649 597 neque
676 542 791 582 etiam
828 537 995 581 muitum
1024 540 1209 596 pecuniae
1240 536 1314 587 est,
1350 551 1429 595 quo
1458 547 1494 578 te
1521 533 1671 578 seruare
1701 535 1850 579 volunt.

285 621 370 662 Nec
395 620 488 661 haec
507 632 676 669 metuas,
696 633 775 678 quo
794 630 885 660 tunc
905 630 941 659 te
960 628 1093 668 vertas,
1111 629 1348 675 quocunque
1368 618 1474 657 enim
1494 618 1657 669 veneris,
1684 626 1722 657 te
1743 630 1855 658 com-

286 699 526 757 plee‘ientur,
554 712 590 741 et
615 701 730 740 amici
759 701 837 740 mei
867 701 906 738 in
934 694 1131 738 Thessalia
1160 695 1369 737 habitantes
1397 709 1435 738 te
1459 693 1722 738 lubentissime
1750 698 1855 738 exci-

284 781 404 837 pient.
424 780 575 831 (c.1V.)
635 775 718 819 Nisi
739 789 778 817 tn
799 773 980 832 effugias,
1007 786 1118 815 tuum
1146 772 1322 814 officium
1352 773 1432 832 ipse
1455 774 1653 833 negligere
1678 776 1775 817 mihi
1798 778 1852 816 vi·

285 855 406 906 deris,
435 858 524 913 qnia
551 867 587 895 te
616 854 833 911 liberosque
852 864 937 893 tuos
957 849 1101 910 prodis.
1164 851 1322 891 Totum
1342 854 1421 893 hoc
1441 863 1550 894 tuum
1572 856 1776 912 negotium
1802 868 1853 894 ne

284 934 423 992 insigni
456 931 581 975 nostra
608 934 757 989 ignauia
787 931 932 973 saelum
960 928 1034 972 effe
1064 925 1253 981 videatur,
1282 930 1393 972 nobis
1419 931 1664 989 obtemperes
1697 930 1849 990 quaeso.

284 1017 338 1069 (c.
349 1017 419 1065 V.)
481 1010 699 1055 Consilium
728 1008 971 1069 studiumque
996 1021 1130 1059 tuum,
1154 1005 1361 1068 respondet
1380 1011 1574 1062 Socrates,
1600 1008 1850 1071 probandum

285 1093 353 1146 esi,
377 1091 403 1134 fi
422 1094 570 1134 ratione
588 1094 742 1141 nitatur,
769 1087 921 1147 semper
949 1091 1055 1130 enim
1074 1090 1190 1139 hanc,
1218 1102 1344 1147 neque
1362 1104 1455 1132 vero
1473 1093 1706 1148 opinionem
1725 1088 1851 1135 fortu-

284 1187 454 1230 namque
471 1164 619 1214 se'cutus
638 1166 733 1212 finn.
756 1169 909 1224 (ovi.)
974 1168 1215 1226 Opinionem
1244 1180 1373 1210 autem
1399 1165 1640 1227 stipientum,
1668 1185 1751 1213 non
1769 1168 1850 1229 ple-

285 1251 341 1293 bis
364 1248 439 1292 effe
461 1245 758 1308 respiciendam,
785 1250 863 1289 iam
888 1248 964 1287 vita
990 1249 1213 1288 communis
1240 1244 1378 1296 docet,
1406 1262 1442 1290 v,
1460 1263 1493 1288 c.
1526 1251 1592 1306 qui
1613 1251 1653 1290 in
1670 1251 1848 1307 corporis

284 1328 620 1372 exercitationibus
640 1324 827 1374 versatur,
847 1339 929 1366 non
947 1327 1151 1375 omnium,
1174 1322 1237 1366 fed
1253 1324 1419 1383 magistri
1440 1329 1673 1384 opinionem
1691 1324 1849 1386 spedkat,

284 1407 391 1468 quod
411 1410 524 1450 etiam
538 1410 586 1448 ‘in
607 1403 733 1448 nostra
753 1401 862 1447 causa
883 1400 1136 1463 spectandum
1155 1401 1206 1445 est
1228 1405 1395 1462 (mvn.)
1411 1406 1476 1456 ita,
1494 1416 1547 1457 vt,
1566 1403 1594 1448 fi
1612 1405 1723 1449 nobis
1742 1407 1847 1449 reete

284 1485 486 1530 consulere
504 1485 688 1537 velimus,
703 1499 828 1526 vnani
845 1486 1044 1525 veritatem
1062 1480 1329 1542 respiciamus,
1347 1486 1403 1539 (c.
1411 1485 1532 1540 VIII.)
1560 1498 1686 1528 vti-um
1705 1485 1848 1529 iussum

283 1564 353 1615 fit,
382 1567 475 1608 hinc
506 1559 699 1623 effugere,
728 1577 800 1605 nec
828 1578 900 1612 ne,
938 1577 1054 1621 qnam
1084 1576 1167 1604 rem
1197 1560 1387 1621 copiosius
1414 1579 1518 1606 nunc
1546 1563 1844 1609 confideremus.

284 1644 433 1700 (c.1x.)
493 1644 675 1685 Iniuriam
703 1642 848 1684 inferre
877 1640 1130 1684 nullomodo
1152 1640 1300 1683 licitum
1321 1641 1371 1683 esi
1390 1654 1502 1701 atque
1520 1643 1752 1693 honestum,
1779 1659 1847 1687 ne·

284 1737 359 1781 que
378 1720 480 1763 vlu-o
498 1718 665 1773 inferre,
692 1736 818 1779 neque
837 1718 936 1763 adeo
955 1723 1015 1769 ei,
1039 1722 1104 1778 qui
1133 1721 1268 1762 iniuste
1292 1723 1405 1780 =prior
1424 1721 1538 1764 nobis
1556 1721 1726 1766 intulerit
1747 1725 1846 1766 iniu-

284 1805 404 1853 riam,
425 1797 589 1851 restrre,
609 1815 698 1841 nam
719 1801 900 1841 iniuriam
919 1796 1062 1842 inferre
1082 1799 1135 1842 est
1155 1799 1252 1840 nihii
1272 1799 1374 1842 aliud
1387 1834 1399 1851 ,
1418 1816 1534 1860 quam
1554 1801 1636 1846 aliis
1657 1800 1848 1845 damnum

284 1876 420 1923 afferre
438 1878 611 1937 aliosque
627 1876 785 1920 violam
805 1879 856 1934 (c.
879 1878 943 1931 X.)
1001 1875 1195 1940 Equidem
1214 1880 1330 1936 igitur
1347 1878 1456 1922 violo
1478 1883 1690 1934 ciuitatem,
1711 1878 1737 1924 fi
1757 1897 1849 1939 pro·

283 1956 401 2001 miffis
422 1973 504 1999 non
525 1956 604 2006 sio,
630 1953 788 2014 promisi
816 1967 944 1996 autem
966 1953 1114 2013 legibus
1131 1953 1405 2000 obedientiam.
1468 1958 1544 2000 Vbi
1569 1974 1667 2018 ergo
1686 1963 1727 2001 in
1746 1959 1850 2019 leges

284 2035 440 2094 insurgo
466 2039 588 2093 iisqne
612 2036 741 2075 inuitis
765 2028 936 2089 effugio:
968 2032 1133 2077 debilito
1151 2050 1285 2078 earum
1303 2036 1586 2087 aridioritatem,
1616 2050 1654 2080 et
1671 2037 1778 2080 violo
1799 2038 1851 2080 fic

284 2110 496 2157 vniuerfitm
524 2127 605 2154 rem
635 2110 842 2171 publicam.
873 2113 927 2167 (e.
949 2111 1030 2167 XI.)
1092 2113 1216 2173 Leges
1245 2112 1523 2175 responderent
1541 2114 1662 2177 ipsae:
1693 2129 1755 2167 tu,
1776 2117 1850 2160 So-

283 2203 417 2244 crates,
437 2183 646 2251 ipse'nobis
664 2188 886 2250 promisisti,
905 2191 1017 2235 nobis
1035 2203 1074 2235 te
1091 2193 1191 2236 velle
1212 2193 1395 2251 obedire3
1424 2199 1555 2238 ciuitas
1573 2196 1639 2238 tibi
1656 2194 1849 2254 permulta

283 2272 416 2315 tribuit
435 2269 715 2323 emolumenta,
735 2273 853 2314 vitam
872 2274 1078 2337 nimirum,
1099 2272 1369 2319 educationem
1388 2290 1429 2316 ac
1446 2272 1743 2331 institutionem,
1768 2290 1850 2335 quo

283 2350 389 2395 sadio
411 2362 450 2395 tu
472 2364 511 2394 es
530 2348 659 2394 nosser
683 2349 785 2395 filius
802 2347 986 2413 idemque
1004 2350 1154 2412 seruus,
1182 2355 1274 2398 hinc
1294 2352 1360 2396 tibi
1381 2355 1497 2398 etiam
1515 2368 1599 2400 non
1616 2357 1719 2416 paria
1738 2371 1849 2400 com-

1710 2446 1847 2497 petunt
