2221 2836
769 102 1268 176 *Q*
1747 132 1808 180 ³9

569 233 721 274 „Omnia
746 242 826 271 quae
855 231 939 263 sensu
963 232 1138 263 voluuntur
1162 240 1236 262 vota
1261 231 1386 268 diurno,

615 288 774 326 „Peaore
798 287 898 328 sopito
927 288 1031 319 reddit
1056 287 1154 319 amica
1181 287 1280 328 quies.

571 346 715 384 „tundo
740 346 857 386 gaudet
881 355 1008 380 amans,
1031 353 1190 385 permutat
1215 345 1319 376 nauita
1344 352 1474 383 merces,

616 404 685 441 „Et
708 400 786 442 vigil
809 400 909 441 lapsas
933 400 1055 440 quaerit
1078 410 1193 432 auarus
1220 410 1306 441 opes.
1318 404 1338 419 ‘⁸

352 477 454 518 Cum
481 487 609 519 autem
639 474 762 518 causas
789 473 938 534 semper
964 491 1043 516 non
1071 472 1339 533 perspiciamus
1355 508 1366 525 ‚
1397 471 1541 533 saepius
1560 471 1700 520 ἄτοπα
1725 469 1802 514 effe

354 553 533 614 possum3
565 570 681 615 quare
699 551 881 598 assentior
900 556 1042 596 Vnzeri
1063 552 1191 598 dieto:
1222 552 1315 607 „die
1333 568 1460 613 ganze
1480 553 1607 594 Lehre
1626 566 1704 594 von
1725 552 1802 594 Ge-

354 631 602 693 „spenslern,
635 632 858 675 Gefichtern
889 630 966 674 und
996 629 1312 691 Erscheiuungen
1341 632 1386 674 ist
1416 634 1457 672 in
1486 631 1554 672 der
1571 628 1804 672 Weltweis-

356 714 466 765 „heit
494 711 547 755 als
573 715 636 754 ein
661 712 922 754 unbekanntes
947 708 1056 754 Laud
1090 709 1329 761 anzuseh‘en,
1354 713 1516 753 worinn
1545 707 1803 752 manwedet

359 788 561 850 „Bexweise
581 792 684 833 noch
698 786 1031 848 Widerlegungen
1052 786 1194 832 suchen
1205 788 1333 833 darf.“
1364 787 1414 833 cf.
1433 790 1481 833 D.
1492 791 1641 832 Vnzers
1652 789 1810 831 Sanun-—

356 871 451 926 lung
478 869 628 910 kleiner
649 865 855 909 Schriften.
884 870 965 910 ttll.
986 881 1070 925 pag.
1084 880 1172 921 443.
1233 870 1329 909 Hoc
1355 879 1484 908 autem
1510 870 1675 908 Socratis
1703 865 1806 909 som-

353 952 464 992 nium
491 962 572 990 non
607 959 684 989 tam
721 945 877 991 ἄτοπον
905 947 1004 998 dici,
1054 949 1184 988 immo
1211 950 1343 1004 potius
1372 945 1597 988 naturaliter
1625 945 1809 1004 explicari

355 1024 463 1086 posse
492 1028 588 1066 mihi
616 1022 776 1066 videtur.
846 1026 1021 1066 Socrates
1049 1022 1130 1065 non
1162 1024 1383 1082 ignorabat,
1432 1023 1498 1066 fibi
1525 1021 1602 1066 effe
1629 1025 1805 1065 morien·

355 1103 473 1153 dum;
492 1102 539 1146 de
556 1113 685 1146 morte
701 1102 893 1162 cogitabat
910 1100 1181 1161 sermonesque
1200 1101 1249 1145 de
1269 1114 1397 1145 morte
1417 1105 1614 1161 animique
1635 1105 1802 1145 immor-

355 1181 498 1224 talitate
522 1180 749 1223 instituebat.
810 1183 913 1222 Inter
928 1181 994 1222 has
1014 1182 1270 1240 cogitationes
1289 1178 1556 1233 obdormiuit,
1584 1192 1621 1222 et
1639 1195 1743 1223 nunc
1762 1182 1814 1223 ἰιι-Υ

356 1258 520 1310 somno,
556 1261 618 1303 vbi
646 1258 836 1318 phantafia
865 1274 1002 1301 omnes
1031 1258 1132 1302 ideas
1163 1270 1201 1302 et
1230 1262 1443 1319 imagines,
1479 1270 1571 1318 quas
1596 1271 1705 1302 antea
1733 1260 1805 1301 ha-

354 1339 458 1392 buit,
484 1354 566 1381 non
594 1353 684 1381 raro
710 1349 895 1391 reuocat,
923 1334 1044 1381 vistim
1071 1340 1107 1381 ei
1134 1349 1290 1399 apparet
1312 1341 1426 1399 eique
1444 1336 1594 1382 versum
1622 1339 1728 1382 hunc
1753 1353 1813 1382 cx*

355 1420 539 1461 Homero
558 1416 755 1460 acclamat.
819 1418 962 1466 Diem,
993 1432 1074 1475 quo
1100 1415 1280 1476 ipfi‘ess'et
1305 1415 1579 1469 moriendum,
1610 1432 1693 1461 non
1721 1429 1812 1460 tam·

353 1507 552 1539 remotum
581 1507 644 1537 aut
662 1492 763 1555 ipse,
790 1507 854 1537 aut
871 1495 916 1537 ab
936 1494 1019 1537 aliis
1039 1493 1134 1538 scire
1151 1509 1319 1555 poterat.
1376 1498 1508 1550 Hinc,
1538 1486 1626 1540 cum
1645 1499 1802 1541 Home-

352 1590 442 1619 rum
467 1577 670 1634 praecipue
696 1577 905 1639 annuerit,
932 1571 1045 1617 facile
1070 1577 1110 1616 in
1139 1586 1311 1617 mentem
1333 1578 1369 1618 ei
1391 1578 1523 1618 venire
1547 1588 1697 1636 poterat
1722 1573 1803 1620 for·

356 1664 449 1695 tuna
470 1652 655 1704 Achillis,
682 1651 814 1710 (ipfius
831 1651 1130 1711 quodammodo
1150 1652 1303 1708 fimilis)
1331 1656 1396 1712 qui
1427 1656 1545 1696 etiam
1565 1668 1663 1696 mox
1683 1657 1724 1695 in
1742 1653 1814 1696 lo·²

356 1747 460 1775 cumr
472 1730 681 1774 meliorem
709 1728 747 1773 se
774 1743 980 1773 venturum
1005 1728 1080 1773 esse
1109 1730 1280 1784 dicebat,
1313 1743 1352 1774 et
1379 1730 1537 1791 quidem
1567 1731 1634 1773 ille
1659 1730 1812 1782 versus,v

356 1824 474 1870 quem
493 1808 555 1850 die
574 1806 828 1868 praeterlapso
845 1806 999 1866 fortaffe
1016 1807 1160 1868 saepius
1178 1813 1424 1860 recitauerat,
1443 1825 1560 1869 quare
1583 1825 1675 1854 eum
1694 1824 1803 1854 nunc

358 1891 398 1930 in
421 1885 565 1930 somno
596 1889 754 1928 recitare
785 1885 901 1929 audit.
922 1911 930 1915 -
956 1886 1117 1930 Eodem
1146 1885 1270 1929 modo
1295 1887 1391 1929 illud
1412 1889 1517 1929 Bruti
1541 1887 1802 1931 memorabile

355 1964 478 2009 visum
498 1963 598 2024 apud
619 1964 807 2007 Plutarch.
826 1968 893 2009 vit.
917 1968 1030 2009 Bruti.
1050 1982 1083 2011 c.
1096 1967 1179 2016 LII.
1198 1978 1235 2009 et
1250 1965 1355 2009 flor.
1366 1967 1433 2008 IV.
1453 1981 1489 2020 7.
1511 1966 1699 2027 explicari
1716 1979 1805 2028 pot-

356 2043 435 2096 est,
463 2055 501 2087 vt
519 2055 557 2086 et
575 2041 718 2087 Caffins
737 2043 788 2085 ibi
805 2040 912 2086 fecit.

234 2173 478 2265 ἐναργὲς.
544 2174 711 2253 Hesych.
736 2199 901 2261 ἐπωργη·
964 2198 1093 2253 δῆλοι,
1135 2204 1322 2265 φανεροὶ,
1370 2204 1555 2260 βέβαια,
1604 2207 1801 2261 ἀσφαλῆ.

355 2279 508 2324 Suidas:
550 2278 748 2340 Φαινεςὸν,
779 2292 816 2322 et
848 2279 1026 2334 Etymol.
1057 2282 1120 2326 M,
1148 2283 1292 2341 σαφὲς
1323 2283 1391 2346 κα)
1428 2284 1504 2344 πρὸ
1543 2282 1802 2344 ὀφθαλμῶν.

358 2361 566 2404 Somnium
591 2356 752 2421 ένοιςγὲς
778 2356 831 2401 est
856 2357 980 2414 illud,
1005 2360 1114 2404 cuius
1130 2362 1346 2423 praedialio
1372 2366 1431 2406 ita
1453 2373 1589 2419 patet,
1618 2375 1663 2408 vt
1678 2363 1805 2420 facile

1659 2445 1804 2490 intelli·

1447 2499 1476 2519 'xi
